<?xml version="1.0" encoding="utf-8"?>
<record xmlns="http://www.loc.gov/MARC21/slim" xmlns:xsi="http://www.w3.org/2001/XMLSchema-instance" xsi:schemaLocation="http://www.loc.gov/MARC21/slim http://www.loc.gov/standards/marcxml/schema/MARC21slim.xsd">
	<leader>     nam a22     Mi 4500</leader>
	<controlfield tag="001">3906972</controlfield>
	<controlfield tag="003">NjP</controlfield>
	<controlfield tag="006">m        d        </controlfield>
	<controlfield tag="007">cr cn |||m|||a</controlfield>
	<controlfield tag="008">201130s1956    ir      o     000 0 arard</controlfield>
	<datafield ind1="7" ind2=" " tag="024">
		<subfield code="a">princeton_aco003763</subfield>
		<subfield code="2">local</subfield>
	</datafield>
	<datafield ind1=" " ind2=" " tag="040">
		<subfield code="a">ZYU</subfield>
		<subfield code="b">ara</subfield>
		<subfield code="c">ZYU</subfield>
	</datafield>
	<datafield ind1=" " ind2="4" tag="050">
		<subfield code="a">BP194</subfield>
		<subfield code="b">.F38 1956</subfield>
	</datafield>
	<datafield ind1="1" ind2=" " tag="100">
		<subfield code="6">880-01</subfield>
		<subfield code="a">Fayḍ al-Kāshī, Muḥammad ibn Murtaḍá,</subfield>
		<subfield code="d">1598 or 1599-1680 or 1681</subfield>
		<subfield code="0">http://id.loc.gov/authorities/names/n80032186</subfield>
	</datafield>
	<datafield ind1="1" ind2="0" tag="240">
		<subfield code="6">880-02</subfield>
		<subfield code="a">Wāfī</subfield>
	</datafield>
	<datafield ind1="1" ind2="0" tag="245">
		<subfield code="6">880-03</subfield>
		<subfield code="a">Kitāb al-Wāfī</subfield>
		<subfield code="h">[electronic resource] /</subfield>
		<subfield code="c">taʼlīf Muḥammad Muḥsin ibn al-Shāh Murtaḍá al-mushtahir bi-al-Fayḍ al-Kāshānī ; wa-ʻalayhi taʻlīqat Rafīʻ al-Dīn al-Nāʼīnī wa-mukhtarāt min taʻlīqat Murād ibn ʻAlaykhān al-Tafrīshī wa-taʻlīqat Sulṭān al-ʻUlamāʼ ; ʻuniya bi-al-taʻlīq wa-jamʻ al-ḥawāshī wa-taḥqīqihā wa-taṣḥīḥihā Abū al-Ḥasan al-madʻū bi-al-Shaʻrānī.</subfield>
	</datafield>
	<datafield ind1=" " ind2=" " tag="260">
		<subfield code="6">880-04</subfield>
		<subfield code="a">Ṭihrān :</subfield>
		<subfield code="b">al-Maktabah al-Islāmīyah,</subfield>
		<subfield code="c">1956.</subfield>
	</datafield>
	<datafield ind1=" " ind2=" " tag="300">
		<subfield code="a">online resource (3 v.)</subfield>
	</datafield>
	<datafield ind1=" " ind2=" " tag="500">
		<subfield code="a">Part of the Arabic Collections Online (ACO) project, contributed by Princeton University Libraries.</subfield>
	</datafield>
	<datafield ind1=" " ind2=" " tag="533">
		<subfield code="a">Electronic reproduction.</subfield>
		<subfield code="b">New York, N.Y. :</subfield>
		<subfield code="c">New York University,</subfield>
		<subfield code="d">2020.</subfield>
		<subfield code="5">NNU</subfield>
	</datafield>
	<datafield ind1=" " ind2="0" tag="650">
		<subfield code="a">Hadith (Shiites)</subfield>
		<subfield code="v">Early works to 1800.</subfield>
		<subfield code="0">http://id.loc.gov/authorities/subjects/sh2008121359</subfield>
	</datafield>
	<datafield ind1=" " ind2="0" tag="650">
		<subfield code="a">Shīʻah</subfield>
		<subfield code="v">Early works to 1800.</subfield>
		<subfield code="0">http://id.loc.gov/authorities/subjects/sh2008111617</subfield>
	</datafield>
	<datafield ind1="1" ind2=" " tag="700">
		<subfield code="6">880-05</subfield>
		<subfield code="a">Rafīʻā, Muḥammad ibn Ḥaydar,</subfield>
		<subfield code="d">1588 or 1589-1670?</subfield>
		<subfield code="0">http://id.loc.gov/authorities/names/nr98039987</subfield>
	</datafield>
	<datafield ind1="1" ind2=" " tag="700">
		<subfield code="6">880-06</subfield>
		<subfield code="a">Tafrīshī, Murād ibn ʻAlīkhān,</subfield>
		<subfield code="d">1557 or 8-1642.</subfield>
	</datafield>
	<datafield ind1="1" ind2=" " tag="700">
		<subfield code="6">880-07</subfield>
		<subfield code="a">Sulṭān al-ʻUlamāʼ, Ḥusayn ibn Rafīʻ,</subfield>
		<subfield code="d">d. 1654?.</subfield>
	</datafield>
	<datafield ind1="1" ind2=" " tag="700">
		<subfield code="6">880-08</subfield>
		<subfield code="a">Shaʻrānī, Abū al-Ḥasan.</subfield>
	</datafield>
	<datafield ind1="2" ind2=" " tag="710">
		<subfield code="a">Princeton University.</subfield>
		<subfield code="b">Library.</subfield>
	</datafield>
	<datafield ind1="0" ind2=" " tag="730">
		<subfield code="a">Arabic Collections Online.</subfield>
	</datafield>
	<datafield ind1="0" ind2="8" tag="776">
		<subfield code="i">Print version:</subfield>
		<subfield code="a">Fayḍ al-Kāshī, Muḥammad ibn Murtaḍá, 1598 or 1599-1680 or 1681 http://id.loc.gov/authorities/names/n80032186</subfield>
		<subfield code="t">Kitāb al-Wāfī</subfield>
		<subfield code="w">(NjP)3906972</subfield>
	</datafield>
	<datafield ind1="4" ind2="0" tag="856">
		<subfield code="u">http://hdl.handle.net/2333.1/6hdr83s2</subfield>
	</datafield>
	<datafield ind1="1" ind2=" " tag="880">
		<subfield code="6">100-01</subfield>
		<subfield code="a">فيض الكاشي، محمد بن مرتضى،</subfield>
		<subfield code="d">1598 or 9-1680 or 81.</subfield>
	</datafield>
	<datafield ind1="1" ind2="0" tag="880">
		<subfield code="6">240-02</subfield>
		<subfield code="a">وافي</subfield>
	</datafield>
	<datafield ind1="1" ind2="0" tag="880">
		<subfield code="6">245-03</subfield>
		<subfield code="a">كتاب الوافي /</subfield>
		<subfield code="c">تأليف محمد محسن بن الشاه مرتضى المشتهر بالفيض الكاشاني ؛ وعليه تعليقة رفيع الدين النائيني ومخترات من تعليقة مراد بن عليخان التفريشي وتعليقة سلطان العلماء ؛ عني بالتعليق وجمع الحواشي وتحقيقها وتصحيحها ابو الحسن المدعوا بالشعراني.</subfield>
	</datafield>
	<datafield ind1=" " ind2=" " tag="880">
		<subfield code="6">260-04</subfield>
		<subfield code="a">طهران :</subfield>
		<subfield code="b">المكتبة الاسلامية،</subfield>
		<subfield code="c">1956.</subfield>
	</datafield>
	<datafield ind1="1" ind2=" " tag="880">
		<subfield code="6">700-05</subfield>
		<subfield code="a">رفيعا، محمد بن حيدر،</subfield>
		<subfield code="d">1588 or 1589-1670?</subfield>
	</datafield>
	<datafield ind1="1" ind2=" " tag="880">
		<subfield code="6">700-06</subfield>
		<subfield code="a">تفريشي، مراد بن عليخان،</subfield>
		<subfield code="d">1557 or 8-1642.</subfield>
	</datafield>
	<datafield ind1="1" ind2=" " tag="880">
		<subfield code="6">700-07</subfield>
		<subfield code="a">سلطان العلماء، حسين بن رفيع،</subfield>
		<subfield code="d">d. 1654?.</subfield>
	</datafield>
	<datafield ind1="1" ind2=" " tag="880">
		<subfield code="6">700-08</subfield>
		<subfield code="a">شعراني، ابو الحسن.</subfield>
	</datafield>
	<datafield ind1=" " ind2=" " tag="904">
		<subfield code="a">mv</subfield>
		<subfield code="b">o</subfield>
		<subfield code="h">m</subfield>
		<subfield code="c">t</subfield>
		<subfield code="e">20030604</subfield>
	</datafield>
	<datafield ind1=" " ind2=" " tag="959">
		<subfield code="a">NNU</subfield>
		<subfield code="b">WEB</subfield>
		<subfield code="c">GENI</subfield>
		<subfield code="t">0</subfield>
		<subfield code="m">Electronic access</subfield>
		<subfield code="s">01</subfield>
	</datafield>
	<datafield ind1=" " ind2=" " tag="999">
		<subfield code="a">3906972</subfield>
		<subfield code="s">princeton_aco003742:vol.3</subfield>
		<subfield code="s">princeton_aco003763:vol.1</subfield>
		<subfield code="s">princeton_aco003764:vol.2</subfield>
	</datafield>
	<datafield ind1=" " ind2=" " tag="979">
		<subfield code="a">(OCoLC)ocn178819413</subfield>
	</datafield>
	<datafield ind1=" " ind2="0" tag="866">
		<subfield code="0">4205197</subfield>
		<subfield code="a">mujallad 1-3</subfield>
	</datafield>
	<datafield ind1=" " ind2=" " tag="959">
		<subfield code="a">2009-02-17 17:25:13 -0400</subfield>
	</datafield>
</record>
